<?xml version="1.0" encoding="UTF-8"?>
<OAI-PMH xmlns="http://www.openarchives.org/OAI/2.0/" xmlns:xsi="http://www.w3.org/2001/XMLSchema-instance" xsi:schemaLocation="http://www.openarchives.org/OAI/2.0/ http://www.openarchives.org/OAI/2.0/OAI-PMH.xsd">
<ListRecords>
<record>
<header status="updated">
<identifier>urm_publish:71290347830002121</identifier>
</header>
<metadata>
<record xmlns="http://www.loc.gov/MARC21/slim" xmlns:xsi="http://www.w3.org/2001/XMLSchema-instance" xsi:schemaLocation="http://www.loc.gov/MARC21/slim http://www.loc.gov/standards/marcxml/schema/MARC21slim.xsd" ><leader>00946nam a2200265 a 4500</leader><controlfield tag="005">19990604113142.0</controlfield><controlfield tag="008">851111s1985    dcuab        f00000 eng d</controlfield><controlfield tag="001">999655708402121</controlfield><datafield tag="035" ind1=" " ind2=" "><subfield code="a">(OCoLC)12795961</subfield></datafield><datafield tag="035" ind1=" " ind2=" "><subfield code="9">ANP1129UW</subfield></datafield><datafield tag="035" ind1=" " ind2=" "><subfield code="a">(WU)2090166-uwmadisondb</subfield></datafield><datafield tag="040" ind1=" " ind2=" "><subfield code="a">GPO</subfield><subfield code="b">eng</subfield><subfield code="c">GPO</subfield><subfield code="d">MGPO-R</subfield></datafield><datafield tag="043" ind1=" " ind2=" "><subfield code="a">n-us-nd</subfield></datafield><datafield tag="074" ind1=" " ind2=" "><subfield code="a">650</subfield></datafield><datafield tag="086" ind1="0" ind2=" "><subfield code="a">I 29.21:T 34/4/985</subfield></datafield><datafield tag="245" ind1="0" ind2="0"><subfield code="a">Theodore Roosevelt National Park, North Dakota /</subfield><subfield code="c">National Park Service, U.S. Department of the Interior.</subfield></datafield><datafield tag="264" ind1=" " ind2="1"><subfield code="a">[Washington, D.C.?] :</subfield><subfield code="b">The Service,</subfield><subfield code="c">1985.</subfield></datafield><datafield tag="300" ind1=" " ind2=" "><subfield code="a">1 sheet :</subfield><subfield code="b">illustrations (some color), 3 color maps ;</subfield><subfield code="c">40 x 43 cm folded to 10 x 22 cm</subfield></datafield><datafield tag="336" ind1=" " ind2=" "><subfield code="a">text</subfield><subfield code="b">txt</subfield><subfield code="2">rdacontent</subfield></datafield><datafield tag="337" ind1=" " ind2=" "><subfield code="a">unmediated</subfield><subfield code="b">n</subfield><subfield code="2">rdamedia</subfield></datafield><datafield tag="338" ind1=" " ind2=" "><subfield code="a">volume</subfield><subfield code="b">nc</subfield><subfield code="2">rdacarrier</subfield></datafield><datafield tag="650" ind1=" " ind2="0"><subfield code="a">National parks and reserves</subfield><subfield code="z">North Dakota.</subfield><subfield code="2">LCSH</subfield><subfield code="0">41-LIBRARY_OF_CONGRESS-sh 87006705</subfield><subfield code="9">Y</subfield></datafield><datafield tag="651" ind1=" " ind2="0"><subfield code="a">Theodore Roosevelt National Park (N.D.)</subfield><subfield code="2">LCSH</subfield><subfield code="0">41-LIBRARY_OF_CONGRESS-sh 91004692</subfield><subfield code="9">Y</subfield></datafield><datafield tag="710" ind1="1" ind2=" "><subfield code="a">United States.</subfield><subfield code="b">National Park Service.</subfield><subfield code="2">LCNAMES</subfield><subfield code="0">41-LIBRARY_OF_CONGRESS-n  79022809</subfield><subfield code="9">Y</subfield></datafield><datafield tag="997" ind1=" " ind2=" "><subfield code="a">MARCIVE</subfield></datafield><datafield tag="651" ind1=" " ind2="0"><subfield code="a">Roosevelt National Memorial Park (N.D.)</subfield><subfield code="2">LCSH</subfield><subfield code="0">41-LIBRARY_OF_CONGRESS-sh 91004692</subfield><subfield code="9">N</subfield></datafield><datafield tag="651" ind1=" " ind2="0"><subfield code="a">Roosevelt National Park (N.D.)</subfield><subfield code="2">LCSH</subfield><subfield code="0">41-LIBRARY_OF_CONGRESS-sh 91004692</subfield><subfield code="9">N</subfield></datafield><datafield tag="651" ind1=" " ind2="0"><subfield code="a">Theodore Roosevelt National Memorial Park (N.D.)</subfield><subfield code="2">LCSH</subfield><subfield code="0">41-LIBRARY_OF_CONGRESS-sh 91004692</subfield><subfield code="9">N</subfield></datafield><datafield tag="710" ind1="1" ind2=" "><subfield code="a">National Park Service (U.S.)</subfield><subfield code="2">LCNAMES</subfield><subfield code="0">41-LIBRARY_OF_CONGRESS-n  79022809</subfield><subfield code="9">N</subfield></datafield><datafield tag="710" ind1="1" ind2=" "><subfield code="a">NPS (Organization)</subfield><subfield code="2">LCNAMES</subfield><subfield code="0">41-LIBRARY_OF_CONGRESS-n  79022809</subfield><subfield code="9">N</subfield></datafield><datafield tag="710" ind1="1" ind2=" "><subfield code="a">U.S. National Park Service</subfield><subfield code="2">LCNAMES</subfield><subfield code="0">41-LIBRARY_OF_CONGRESS-n  79022809</subfield><subfield code="9">N</subfield></datafield><datafield tag="710" ind1="1" ind2=" "><subfield code="a">United States.</subfield><subfield code="b">Department of the Interior.</subfield><subfield code="b">National Park Service</subfield><subfield code="2">LCNAMES</subfield><subfield code="0">41-LIBRARY_OF_CONGRESS-n  79022809</subfield><subfield code="9">N</subfield></datafield><datafield tag="710" ind1="1" ind2=" "><subfield code="a">United States.</subfield><subfield code="b">National Park Service.</subfield><subfield code="b">Washington Office</subfield><subfield code="2">LCNAMES</subfield><subfield code="0">41-LIBRARY_OF_CONGRESS-n  79022809</subfield><subfield code="9">N</subfield></datafield><datafield tag="710" ind1="1" ind2=" "><subfield code="a">United States.</subfield><subfield code="b">National Park Services Agency</subfield><subfield code="2">LCNAMES</subfield><subfield code="0">41-LIBRARY_OF_CONGRESS-n  79022809</subfield><subfield code="9">N</subfield></datafield><datafield tag="710" ind1="1" ind2=" "><subfield code="a">United States.</subfield><subfield code="b">National Parks Service</subfield><subfield code="2">LCNAMES</subfield><subfield code="0">41-LIBRARY_OF_CONGRESS-n  79022809</subfield><subfield code="9">N</subfield></datafield><datafield tag="710" ind1="1" ind2=" "><subfield code="a">United States.</subfield><subfield code="b">Service national des parcs</subfield><subfield code="2">LCNAMES</subfield><subfield code="0">41-LIBRARY_OF_CONGRESS-n  79022809</subfield><subfield code="9">N</subfield></datafield><datafield tag="710" ind1="1" ind2=" "><subfield code="a">United States.</subfield><subfield code="b">Servicio de Parques Nacionales</subfield><subfield code="2">LCNAMES</subfield><subfield code="0">41-LIBRARY_OF_CONGRESS-n  79022809</subfield><subfield code="9">N</subfield></datafield><datafield tag="710" ind1="1" ind2=" "><subfield code="a">United States.</subfield><subfield code="b">Servicio Nacional de Parques</subfield><subfield code="2">LCNAMES</subfield><subfield code="0">41-LIBRARY_OF_CONGRESS-n  79022809</subfield><subfield code="9">N</subfield></datafield><datafield tag="710" ind1="1" ind2=" "><subfield code="a">WASO</subfield><subfield code="2">LCNAMES</subfield><subfield code="0">41-LIBRARY_OF_CONGRESS-n  79022809</subfield><subfield code="9">N</subfield></datafield><datafield tag="710" ind1="1" ind2=" "><subfield code="w">a</subfield><subfield code="a">United States.</subfield><subfield code="b">Heritage Conservation and Recreation Service</subfield><subfield code="2">LCNAMES</subfield><subfield code="0">41-LIBRARY_OF_CONGRESS-n  79022809</subfield><subfield code="9">R</subfield></datafield><datafield tag="710" ind1="1" ind2=" "><subfield code="w">a</subfield><subfield code="a">United States.</subfield><subfield code="b">Office of National Parks, Buildings, and Reservations</subfield><subfield code="2">LCNAMES</subfield><subfield code="0">41-LIBRARY_OF_CONGRESS-n  79022809</subfield><subfield code="9">R</subfield></datafield><datafield tag="710" ind1="1" ind2=" "><subfield code="w">r</subfield><subfield code="i">Hierarchical superior:</subfield><subfield code="a">United States.</subfield><subfield code="b">Department of the Interior</subfield><subfield code="2">LCNAMES</subfield><subfield code="0">41-LIBRARY_OF_CONGRESS-n  79022809</subfield><subfield code="9">R</subfield></datafield><datafield tag="INST" ind1=" " ind2=" "><subfield code="a">01UWI_NETWORK</subfield><subfield code="b">P</subfield><subfield code="c">71290347830002121</subfield></datafield><datafield tag="INST" ind1=" " ind2=" "><subfield code="a">01UWI_WW</subfield><subfield code="b">P</subfield><subfield code="c">2172854940002133</subfield></datafield><datafield tag="AVA" ind1=" " ind2=" "><subfield code="0">993622623702133</subfield><subfield code="8">2272854930002133</subfield><subfield code="a">01UWI_WW</subfield><subfield code="b">WW</subfield><subfield code="c">Federal (US) Documents, 2nd Floor</subfield><subfield code="d">I 29.21:T 34/4/985</subfield><subfield code="e">available</subfield><subfield code="f">1</subfield><subfield code="g">0</subfield><subfield code="j">USDO</subfield><subfield code="k">3</subfield><subfield code="p">1</subfield><subfield code="q">UW-Whitewater</subfield></datafield><datafield tag="MMS" ind1=" " ind2=" "><subfield code="b">999655708402121</subfield><subfield code="a">01UWI_NETWORK</subfield></datafield><datafield tag="MMS" ind1=" " ind2=" "><subfield code="b">993622623702133</subfield><subfield code="a">01UWI_WW</subfield></datafield></record>
</metadata>
</record>
</ListRecords>
</OAI-PMH>